<?xml version="1.0" encoding="UTF-8"?>
<SOAP-ENV:Envelope xmlns:SOAP-ENV="http://schemas.xmlsoap.org/soap/envelope/" xmlns:of="http://oss.dbc.dk/ns/openformat" xmlns:ofo="http://oss.dbc.dk/ns/openformatoutput"><SOAP-ENV:Body><of:formatResponse><marc:record xmlns:marc="http://www.loc.gov/MARC21/slim"><leader>00000nim a22000000c 4500</leader><controlfield tag="001">870970:23317605</controlfield><controlfield tag="003">DKDLA</controlfield><controlfield tag="005">20050707001935.0</controlfield><controlfield tag="007">s|||||||||||||</controlfield><controlfield tag="007">t|</controlfield><controlfield tag="008">010112r20042001dk |||||||||||||||||dan||</controlfield><datafield ind1="1" ind2=" " tag="100"><subfield code="a">Svendsen, Hanne Marie,</subfield><subfield code="d">f. 1933</subfield></datafield><datafield ind1=" " ind2="0" tag="245"><subfield code="a">Soap</subfield></datafield><datafield ind1=" " ind2=" " tag="260"><subfield code="b">Modtryk,</subfield><subfield code="c">2004</subfield></datafield><datafield ind1=" " ind2=" " tag="300"><subfield code="a">2 kassettebånd 1 bog (101 sider)</subfield></datafield><datafield ind1=" " ind2=" " tag="490"><subfield code="a">Letlæst for voksne /Århus</subfield></datafield></marc:record></of:formatResponse></SOAP-ENV:Body></SOAP-ENV:Envelope>
